<collection xmlns="http://www.loc.gov/MARC21/slim">
<record>
  <leader>01671nam0a2200313 i 450 </leader>
  <controlfield tag="001">IT\ICCU\CNCE\038515</controlfield>
  <controlfield tag="005">20150313000000.0</controlfield>
  <datafield tag="012" ind1=" " ind2=" ">
    <subfield code="a">o.co o.o, i,i, seli (C) 1576 (R)</subfield>
    <subfield code="2">fei</subfield>
  </datafield>
  <datafield tag="100" ind1=" " ind2=" ">
    <subfield code="a">19981030d1576        0itac0103    ba</subfield>
  </datafield>
  <datafield tag="101" ind1=" " ind2=" ">
    <subfield code="a">ITA</subfield>
  </datafield>
  <datafield tag="102" ind1=" " ind2=" ">
    <subfield code="a">IT</subfield>
  </datafield>
  <datafield tag="200" ind1="1" ind2=" ">
    <subfield code="a">Discorso sopra gli accidenti del parto mostruoso nato d&apos;vna hebrea nel ghetto di Venetia, nell&apos;anno 1575 a di XXVI di maggio. Doue si ragiona altamente del futuro destino de gli hebrei. Di nuouo ristampato, e con le annotationi di Gio. Giuseppe Gregorio cremonese ampliato</subfield>
  </datafield>
  <datafield tag="210" ind1=" " ind2=" ">
    <subfield code="a">In Bologna</subfield>
    <subfield code="c">per Giouanni Rossi</subfield>
    <subfield code="d">1576</subfield>
  </datafield>
  <datafield tag="215" ind1=" " ind2=" ">
    <subfield code="a">\8! c.</subfield>
    <subfield code="c">ill.</subfield>
    <subfield code="d">4ʻ</subfield>
  </datafield>
  <datafield tag="620" ind1=" " ind2=" ">
    <subfield code="a">IT</subfield>
    <subfield code="d">Bologna</subfield>
  </datafield>
  <datafield tag="702" ind1=" " ind2="1">
    <subfield code="a">Gregorio,</subfield>
    <subfield code="b">Giovanni Giuseppe</subfield>
    <subfield code="3">IT\ICCU\CNCA\010655</subfield>
  </datafield>
  <datafield tag="712" ind1="0" ind2="0">
    <subfield code="a">Rossi, Giovanni</subfield>
    <subfield code="3">IT\ICCU\CNCT\000046</subfield>
    <subfield code="4">650</subfield>
  </datafield>
  <datafield tag="791" ind1="0" ind2="0">
    <subfield code="a">Rubeus, Ioannes</subfield>
    <subfield code="c"> &lt;1556-1595&gt;</subfield>
    <subfield code="3">IT\ICCU\CNCT\002305</subfield>
    <subfield code="z">Rossi, Giovanni</subfield>
  </datafield>
  <datafield tag="791" ind1="0" ind2="2">
    <subfield code="a">Officina Mercuriana</subfield>
    <subfield code="3">IT\ICCU\CNCT\002306</subfield>
    <subfield code="z">Rossi, Giovanni</subfield>
  </datafield>
  <datafield tag="791" ind1="0" ind2="2">
    <subfield code="a">℗al segno del ℗Mercurio</subfield>
    <subfield code="3">IT\ICCU\CNCT\002635</subfield>
    <subfield code="z">Rossi, Giovanni</subfield>
  </datafield>
  <datafield tag="791" ind1="0" ind2="0">
    <subfield code="a">Rossius, Ioannes</subfield>
    <subfield code="3">IT\ICCU\CNCT\005402</subfield>
    <subfield code="z">Rossi, Giovanni</subfield>
  </datafield>
  <datafield tag="791" ind1="0" ind2="0">
    <subfield code="a">Rubrius, Ioannes</subfield>
    <subfield code="3">IT\ICCU\CNCT\005403</subfield>
    <subfield code="z">Rossi, Giovanni</subfield>
  </datafield>
  <datafield tag="791" ind1="0" ind2="0">
    <subfield code="a">Roscius, Ioannes</subfield>
    <subfield code="3">IT\ICCU\CNCT\005404</subfield>
    <subfield code="z">Rossi, Giovanni</subfield>
  </datafield>
  <datafield tag="791" ind1="0" ind2="0">
    <subfield code="a">Rubeis, Ioannes de</subfield>
    <subfield code="3">IT\ICCU\CNCT\005405</subfield>
    <subfield code="z">Rossi, Giovanni</subfield>
  </datafield>
  <datafield tag="801" ind1=" " ind2="3">
    <subfield code="a">IT</subfield>
    <subfield code="b">ICCU</subfield>
    <subfield code="c">20201114</subfield>
  </datafield>
  <datafield tag="899" ind1=" " ind2=" ">
    <subfield code="a">Biblioteca universitaria. Bologna</subfield>
    <subfield code="1">BO0098</subfield>
    <subfield code="2">UBO BU</subfield>
  </datafield>
  <datafield tag="899" ind1=" " ind2=" ">
    <subfield code="a">Biblioteca nazionale centrale. Firenze</subfield>
    <subfield code="1">FI0098</subfield>
    <subfield code="2">CFI CF</subfield>
  </datafield>
  <datafield tag="911" ind1=" " ind2=" ">
    <subfield code="a">Sul front.</subfield>
    <subfield code="9">IT\ICCU\CNCM\000341</subfield>
  </datafield>
  <datafield tag="921" ind1=" " ind2=" ">
    <subfield code="a">IT\ICCU\CNCM\000341</subfield>
    <subfield code="b">Mercurio volante con un piede sul globo e nella mano destra il caduceo.</subfield>
    <subfield code="c">Z831</subfield>
    <subfield code="d">5,5 x 7,5 cm.</subfield>
    <subfield code="f">CADUCEO</subfield>
    <subfield code="f">GLOBO</subfield>
    <subfield code="f">MERCURIO</subfield>
    <subfield code="g">1568-1598</subfield>
  </datafield>
</record>
</collection>
